@book{rosen09,
	Author = {Rosen, K. H.},
	Isbn = {9788577260362},
	Publisher = {Mcgraw-Hill},
	Title = {Matem{\'a}tica Discreta e Suas Aplica{\c c}{\~o}es},
	Year = {2009},
}
